@manual{Maven,
  title        = {Maven Documentation},
  note         = {\url{http://maven.apache.org/}}},

@manual{JAXB,
  title        = {JSR 222: Java\texttrademark Architecture for XML Binding (JAXB) 2.0},
  note         = {\url{https://www.jcp.org/en/jsr/detail?id=222}}},

@manual{LingPipe,
  title        = {LingPipe},
  note         = {\url{http://alias-i.com/lingpipe/index.html}}},

@manual{LingPipeNER,
  title        = {LingPipe's Named Entity Recognition Tutorial},
  note         = {\url{http://alias-i.com/lingpipe/demos/tutorial/ne/read-me.html}}},

@manual{LingPipeSA,
  title        = {LingPipe's Sentiment Analysis Tutorial},
  note         = {\url{http://alias-i.com/lingpipe/demos/tutorial/sentiment/read-me.html}}},

@manual{LingPipeSP,
  title        = {LingPipe's Significant Phrases Tutorial},
  note         = {\url{http://alias-i.com/lingpipe/demos/tutorial/interestingPhrases/read-me.html}}},
  
@manual{JUnit,
  title        = {JUnit API Documentation},
  note         = {\url{http://junit.org/javadoc/latest/}}},
